<record><leader>01696nam a2200445 a 4500</leader><controlfield tag="001">6752558</controlfield><controlfield tag="003">OCoLC</controlfield><controlfield tag="005">20141028161340.0</controlfield><controlfield tag="006">m     o  d        </controlfield><controlfield tag="007">cr unu</controlfield><controlfield tag="008">141028s2015    enka    ob    000 0 eng d</controlfield><datafield ind1=" " ind2=" " tag="020"><subfield code="a">9780128019207</subfield></datafield><datafield ind1=" " ind2=" " tag="020"><subfield code="a">0128019204</subfield></datafield><datafield ind1=" " ind2=" " tag="020"><subfield code="z">9780128019023</subfield></datafield><datafield ind1=" " ind2=" " tag="035"><subfield code="a">ocn891382102</subfield></datafield><datafield ind1=" " ind2=" " tag="037"><subfield code="a">CL0500000495</subfield><subfield code="b">Safari Books Online</subfield></datafield><datafield ind1=" " ind2=" " tag="039"><subfield code="a">exclude</subfield></datafield><datafield ind1=" " ind2=" " tag="040"><subfield code="a">UMI</subfield><subfield code="c">UMI</subfield><subfield code="d">AEU</subfield></datafield><datafield ind1=" " ind2="4" tag="050"><subfield code="a">HF5549.5.P35</subfield><subfield code="b">A76 2015</subfield></datafield><datafield ind1=" " ind2=" " tag="090"><subfield code="a">Internet Access</subfield><subfield code="b">AEGMCT</subfield></datafield><datafield ind1=" " ind2=" " tag="090"><subfield code="a">Internet Access</subfield><subfield code="b">AEU</subfield></datafield><datafield ind1="1" ind2=" " tag="100"><subfield code="a">Arnaboldi, Michela.</subfield></datafield><datafield ind1="1" ind2="0" tag="245"><subfield code="a">Performance measurement and management for engineers</subfield><subfield code="h">[electronic resource] /</subfield><subfield code="c">Michela Arnaboldi, Giovanni Azzone, Marco Giorgino.</subfield></datafield><datafield ind1=" " ind2=" " tag="260"><subfield code="a">London, U.K. ;</subfield><subfield code="a">San Diego, CA :</subfield><subfield code="b">Academic Press,</subfield><subfield code="c">c2015.</subfield></datafield><datafield ind1=" " ind2=" " tag="300"><subfield code="a">1 online resource (1 v.) :</subfield><subfield code="b">ill.</subfield></datafield><datafield ind1=" " ind2=" " tag="336"><subfield code="a">text</subfield><subfield code="b">txt</subfield><subfield code="2">rdacontent</subfield></datafield><datafield ind1=" " ind2=" " tag="337"><subfield code="a">computer</subfield><subfield code="b">c</subfield><subfield code="2">rdamedia</subfield></datafield><datafield ind1=" " ind2=" " tag="338"><subfield code="a">online resource</subfield><subfield code="b">cr</subfield><subfield code="2">rdacarrier</subfield></datafield><datafield ind1=" " ind2=" " tag="504"><subfield code="a">Includes bibliographical references.</subfield></datafield><datafield ind1=" " ind2=" " tag="506"><subfield code="a">Access restricted to authorized users and institutions.</subfield></datafield><datafield ind1=" " ind2=" " tag="588"><subfield code="a">Description based on online resource; title from title page (Safari, viewed Oct. 21, 2014).</subfield></datafield><datafield ind1=" " ind2=" " tag="596"><subfield code="a">44</subfield></datafield><datafield ind1=" " ind2="0" tag="650"><subfield code="a">Performance standards.</subfield></datafield><datafield ind1=" " ind2="0" tag="650"><subfield code="a">Personnel management.</subfield></datafield><datafield ind1=" " ind2="0" tag="650"><subfield code="a">Information technology.</subfield></datafield><datafield ind1="1" ind2=" " tag="700"><subfield code="a">Azzone, Giovanni.</subfield></datafield><datafield ind1="1" ind2=" " tag="700"><subfield code="a">Giorgino, Marco.</subfield></datafield><datafield ind1="4" ind2="0" tag="856"><subfield code="3">University of Alberta Access</subfield><subfield code="u">http://proquest.safaribooksonline.com/?uiCode=ualberta&amp;xmlId=9780128019023</subfield></datafield><datafield ind1=" " ind2=" " tag="949"><subfield code="a">Internet Access</subfield><subfield code="h">UAIN</subfield><subfield code="m">GR_MAC_INT</subfield><subfield code="z">SAFMAC</subfield></datafield><datafield ind1=" " ind2=" " tag="926"><subfield code="a">Internet Access</subfield><subfield code="w">LC</subfield><subfield code="c">1</subfield><subfield code="i">6752558-1001</subfield><subfield code="l">INTERNET</subfield><subfield code="m">UAINTERNET</subfield><subfield code="r">Y</subfield><subfield code="s">Y</subfield><subfield code="t">E-RESOURCE</subfield><subfield code="u">12/3/2014</subfield><subfield code="x">E-BOOK</subfield><subfield code="z">SAFARI</subfield></datafield></record>